@inproceedings{icmr14,
  author    = {M. Moreira and
               J. dos Santos and
               A. Veloso},
  title     = {Learning to Rank Similar Apparel Styles with Economically-Efficient
               Rule-Based Active Learning},
  booktitle = {ICMR},
  year      = {2014},
  pages     = {361-369}
}

@article{calibrated,
  author    = {A. Veloso and
               W. {Meira Jr.} and
               M. Gon\c{c}alves and
               H. de Almeida and
               M. Zaki},
  title     = {Calibrated lazy associative classification},
  journal   = {Inf. Sci.},
  volume    = {181},
  number    = {13},
  year      = {2011},
  pages     = {2656-2670}
}

@inproceedings{hipc,
  author    = {A. Veloso and
               M. Otey and
               S. Parthasarathy and
               W. {Meira Jr.}},
  title     = {Parallel and Distributed Frequent Itemset Mining on Dynamic
               Datasets},
  booktitle = {HiPC},
  year      = {2003},
  pages     = {184-193}
}

@inproceedings{recsys12,
  author    = {M. Ribeiro and
               A. Lacerda and
               A. Veloso and
               N. Ziviani},
  title     = {Pareto-efficient hybridization for multi-objective recommender
               systems},
  booktitle = {RecSys},
  year      = {2012},
  pages     = {19-26}
}

@MISC{forbes,
      AUTHOR = "R. Hof",
      TITLE = "Real-Time Advertising Has Arrived, Thanks To {Oreo} And {The Super Bowl}",
      MONTH = "April",
      YEAR = {2013},
      NOTE = {\url{www.forbes.com/}}
}

@article{uncertainty,
  author    = {C. Jin and
               K. Yi and
               L. Chen and
               J. Yu and
               X. Lin},
  title     = {Sliding-window top-{\it k} queries on uncertain streams},
  journal   = {VLDB J.},
  volume    = {19},
  number    = {3},
  year      = {2010},
  pages     = {411-435}
}

@inproceedings{shasha,
  author    = {Y. Zhu and
               D. Shasha},
  title     = {Efficient elastic burst detection in data streams},
  booktitle = {KDD},
  year      = {2003},
  pages     = {336-345}
}

@inproceedings{stat,
  author    = {Y. Zhu and
               D. Shasha},
  title     = {StatStream: Statistical Monitoring of Thousands of Data
               Streams in Real Time},
  booktitle = {VLDB},
  year      = {2002},
  pages     = {358-369}
}

@incollection{compensation,
  TITLE  =  "Compensation Principle",
  BOOKTITLE  =  "The New Palgrave Dictionary of Economics",
  AUTHOR  =  "J. Chipman",
  EDITOR  =  "Durlauf, Steven N. and Blume, Lawrence E.",
  YEAR  =  "2008",
  PUBLISHER  =  "Palgrave Macmillan"
}

@article{permutation,
  author    = {R. Durstenfeld},
  title     = {Algorithm 235: Random permutation},
  journal   = {Commun. ACM},
  volume    = {7},
  number    = {7},
  year      = {1964},
  pages     = {420}
}

@article{hicks,
  author    = {J. Hicks},
  title     = {The Foundations of Welfare Economics},
  journal   = {The Economic Journal},
  volume    = {49},
  number    = {196},
  year      = {1939},
  pages     = {696-712}
}

@article{kaldor,
  author    = {N. Kaldor},
  title     = {Welfare Propositions in Economics and Interpersonal Comparisons of Utility},
  journal   = {The Economic Journal},
  volume    = {49},
  number    = {195},
  year      = {1939},
  pages     = {549-552}
}

@inproceedings{svm,
  author    = {T. Joachims},
  title     = {Training linear SVMs in linear time},
  booktitle = {KDD},
  year      = {2006},
  pages     = {217-226}
}

@article{moa,
  author    = {A. Bifet and
               G. Holmes and
               R. Kirkby and
               B. Pfahringer},
  title     = {{MOA}: Massive Online Analysis},
  journal   = {JMLR},
  volume    = {11},
  year      = {2010},
  pages     = {1601-1604}
}

@inproceedings{bifetsent1,
  author    = {A. Bifet and
               E. Frank},
  title     = {Sentiment Knowledge Discovery in Twitter Streaming Data},
  booktitle = {Disc. Science},
  year      = {2010},
  pages     = {1-15}
}

@article{bifetsent2,
  author    = {A. Bifet and
               G. Holmes and
               B. Pfahringer and
               R. Gavald{\`a}},
  title     = {Detecting Sentiment Change in Twitter Streaming Data},
  journal   = {JMLR},
  volume    = {17},
  year      = {2011},
  pages     = {5-11}
}

@inproceedings{operator,
  author    = {S. B{\"o}rzs{\"o}nyi and
               D. Kossmann and
               K. Stocker},
  title     = {The Skyline Operator},
  booktitle = {ICDE},
  year      = {2001},
  pages     = {421-430}
}

@inproceedings{skyline1,
  author    = {X. Lin and
               Y. Yuan and
               Q. Zhang and
               Y. Zhang},
  title     = {Selecting Stars: The k Most Representative Skyline Operator},
  booktitle = {ICDE},
  year      = {2007},
  pages     = {86-95}
}

@inproceedings{skyline2,
  author    = {D. Papadias and
               Y. Tao and
               G. Fu and
               B. Seeger},
  title     = {An Optimal and Progressive Algorithm for Skyline Queries},
  booktitle = {SIGMOD},
  year      = {2003},
  pages     = {467-478}
}

@inproceedings{tags,
  author    = {G. Barbosa and
               I. Santana Silva and
               M. Zaki and
               W. Meira {Jr.} and
               R. Prates and
               A. Veloso},
  title     = {Characterizing the effectiveness of twitter hashtags to
               detect and track online population sentiment},
  booktitle = {CHI},
  year      = {2012},
  pages     = {2621-2626}
}

@book{goldberg,
 author = {E. Goldberg},
 title = {Genetic Algorithms in Search, Optimization and Machine Learning},
 year = {1989},
 publisher = {Addison-Wesley Longman Publishing Co., Inc.},
 address = {}
}

@BOOK{palda@book,
   author = "F. Palda",
   title= "Pareto's Republic and the new Science of Peace",
   publisher = "Cooper-Wolfling",
   pages = {128},
   year = 2011
}

@inproceedings{peng,
  author    = {P. Zhang and
               X. Zhu and
               J. Tan and
               L. Guo},
  title     = {Classifier and Cluster Ensembles for Mining Concept Drifting
               Data Streams},
  booktitle = {ICDM},
  year      = {2010},
  pages     = {1175-1180}
}

@inproceedings{fan,
  author    = {W. Fan},
  title     = {StreamMiner: A Classifier Ensemble-based Engine to Mine
               Concept-drifting Data Streams},
  booktitle = {VLDB},
  year      = {2004},
  pages     = {1257-1260}
}

@inproceedings{adwin,
  author   = {A. Bifet and G. Holmes and B. Pfahringer and R. Kirkby and R. Gavalda},
  title    = {New ensemble methods for evolving data streams},
  booktitle = {SIGKDD},
  year      = {2009},
  pages = {139-148}
}

@inproceedings{zhu,
  author   = {X. Zhu and P. Zhang and X. Lin and Y. Shi},
  title    = {Active Learning from
Data Streams},
  booktitle = {ICDM},
  year      = {2007},
  pages = {757-762}
}

@inproceedings{zhang,
  author   = {P. Zhang and X. Zhu and Y. Shi},
  title    = {Categorizing and mining concept drifting
data streams},
  booktitle = {SIGKDD},
  year      = {2008},
  pages     = {812-820}
}

@article{kolter,
 author = {J. Kolter and M. Maloof},
 title = {Dynamic weighted majority: an ensemble
method for drifting concepts},
 journal = {JMLR},
 volume = {8},
 year = {2007},
 pages = {2755--2790}
} 

@inproceedings{domingos,
  author   = {G. Hulten and L. Spencer and P. Domingos},
  title    = {Mining time-changing data streams},
  booktitle = {SIGKDD},
  year      = {2001},
  pages     = {97-106}
}

@inproceedings{sea,
  author   = {W. Street and Y. Kim},
  title    = {A streaming ensemble algorithm ({SEA}) for large-scale classification},
  booktitle = {SIGKDD},
  year      = {2001},
  pages     = {377-382}
}

@inproceedings{wang,
  author   = {H. Wang and W. Fan and P. Yu and and J. Han},
  title    = {Mining concept-drifting
data streams using ensemble classifiers},
  booktitle = {SIGKDD},
  pages = {226-235},
  year      = {2003}
}

@inproceedings{domingos2,
  author    = {P. Domingos and
               G. Hulten},
  title     = {Mining high-speed data streams},
  booktitle = {KDD},
  year      = {2000},
  pages     = {71-80}
}

@inproceedings{boat,
  author   = {J. Gehrke and V. Ganti and R. Ramakrishnan and W. Loh},
  title    = {Boat-optimistic decision tree construction},
  booktitle = {SIGMOD},
  pages = {169-180},
  year      = {1999}
}

@inproceedings{speed,
  author    = {P. Domingos and G. Hulten},
  title     = {Mining high-speed data streams},
  booktitle = {SIGKDD},
  year      = {2000},
  pages     = {71-80}
}

@inproceedings{gama,
  author    = {J. Gama and R. Rocha and P. Medas},
  title     = {Accurate decision trees for mining
high-speed data streams},
  booktitle = {SIGKDD},
  year      = {2003},
  pages     = {523-528}
}


@inproceedings{bife,
  author    = {A. Bifet and E. Frank},
  title     = {Sentiment knowledge discovery in Twitter streaming data},
  booktitle = {Discovery Science},
  pages = {1-15},
  year      = {2010}
}

@inproceedings{pak,
  author    = {A. Pak and P. Paroubek},
  title     = {Twitter as a corpus for sentiment analysis and opinion mining},
  booktitle = {Intl. Conf. on Language
Resources and Evaluation},
  pages = {1320-1326},
  year      = {2010}
}

@inproceedings{smith,
  author    = {B. O'Connor and R. Balasubramanyan and B. Routledge and N. Smith},
  title     = {From tweets to polls: Linking text sentiment to public opinion time series},
  booktitle = {ICWSM},
  pages = {122-129},
  year      = {2010}
}

@inproceedings{thumbs,
  author    = {B. Pang and L. Lee and and S. Vaithyanathan},
  title     = {Thumbs up? Sentiment classi¯cation using machine learning techniques},
  booktitle = {EMNLP},
  pages = {79-86},
  year      = {2002}
}

@inproceedings{branding,
  author    = {B. Jansen and M. Zhang and K. Sobel and A. Chowdury},
  title     = {Micro-blogging as online word of mouth branding},
  booktitle = {CHI},
  pages = {281-290},
  year      = {2009}
}

@inproceedings{distant,
  author    = {A. Go and L. Huang and R. Bhayani},
  title     = {Twitter sentiment classification using distant supervision},
  booktitle = {CS224N Project Report},
  year      = {2009}
}

@inproceedings{eval,
  author    = {J. Gama and R. Sebasti\~{a}o and P. Rodrigues},
  title     = {Issues in evaluation of stream learning algorithms},
  booktitle = {SIGKDD},
  year      = {2009},
  pages     = {329-338}
}

@inproceedings{emot,
  author    = {J. Read},
  title     = {Using emoticons to reduce dependency in machine learning techniques for sentiment classification},
  booktitle = {ACL Student Research Workshop},
  year      = {2005},
  pages     = {43-48}
}

@inproceedings{measure1,
  author    = {P. Tan and
               V. Kumar and
               J. Srivastava},
  title     = {Selecting the right interestingness measure for association
               patterns},
  booktitle = {SIGKDD},
  year      = {2002},
  pages     = {32-41}
}

@inproceedings{vertical,
  author    = {M. Zaki and
               K. Gouda},
  title     = {Fast vertical mining using diffsets},
  booktitle = {SIGKDD},
  year      = {2003},
  pages     = {326-335}
}

@article{window1,
 author = {M. Lazarescu and S. Venkatesh and H. Bui},
 title = {Using multiple windows to track concept drift},
 journal = {Intell. Data Anal.},
 volume = {8},
 issue = {1},
 year = {2004},
 pages = {29--59}
} 

@inproceedings{forman,
  author    = {G. Forman},
  title     = {Tackling concept drift by temporal inductive transfer},
  booktitle = {SIGIR},
  year      = {2006},
  pages     = {252-259}
}

@article{drift1,
  author    = {G. Widmer and
               M. Kubat},
  title     = {Learning in the Presence of Concept Drift and Hidden Contexts},
  journal   = {Machine Learning},
  volume    = {23},
  number    = {1},
  year      = {1996},
  pages     = {69-101}
}

@inproceedings{jeff,
  author    = {J. Schlimmer and
               R. Granger},
  title     = {Beyond Incremental Processing: Tracking Concept Drift},
  booktitle = {AAAI},
  year      = {1986},
  pages     = {502-507}
}

@article{streams1,
  author    = {M. Gaber and
               A. Zaslavsky and
               S. Krishnaswamy},
  title     = {Mining data streams: a review},
  journal   = {SIGMOD Record},
  volume    = {34},
  number    = {2},
  year      = {2005},
  pages     = {18-26}
}

@article{trees,
  author =       "L. Breiman and J. Friedman and R. Olshen and
                  C. Stone",
  title =        "Classification and Regression Trees",
  journal =      "Wadsworth Intl.",
  year =         1984
}

@article{cortes,
  author    = {C. Cortes and
               V. Vapnik},
  title     = {Support-Vector Networks},
  journal   = {Machine Learning},
  volume    = {20},
  number    = {3},
  year      = {1995},
  pages     = {273-297}
}

@proceedings{fimi,
  editor    = {R. Bayardo and
               B. Goethals and
               M. Zaki},
  title     = {Workshop on Frequent
               Itemset Mining Implementations},
  booktitle = {Frequent Itemset Mining Implementations},
  volume    = {126},
  year      = {2004}
}

@inproceedings{eclat,
  author    = {M. Zaki and
               S. Parthasarathy and
               M. Ogihara and
               W. Li},
  title     = {New Algorithms for Fast Discovery of Association Rules},
  booktitle = {SIGKDD},
  year      = {1997},
  pages     = {283-286}
}

@BOOK{chapelle,
  author =       {O. Chapelle and B. Schölkopf and A. Zien},
  title =        {Semi-Supervised Learning},
  publisher =    {MIT Press},
  year =         {2006}
}

@inproceedings{diakopoulos,
  author    = {N. Diakopoulos and
               D. Shamma},
  title     = {Characterizing debate performance via aggregated twitter
               sentiment},
  booktitle = {CHI},
  year      = {2010},
  pages     = {1195-1198}
}

@article{jansen,
  author    = {B. Jansen and
               M. Zhang and
               K. Sobel and
               A. Chowdury},
  title     = {Twitter power: Tweets as electronic word of mouth},
  journal   = {JASIST},
  volume    = {60},
  number    = {11},
  year      = {2009},
  pages     = {2169-2188}
}

@INPROCEEDINGS{Nigam+Hurst:06a,
  author = {Kamal Nigam and Matthew Hurst},
  title = {Towards a robust metric of polarity},
  booktitle = {Computing Attitude and Affect in Text: Theories and Applications},
  year = {2006},
  crossref = {Shanahan+Qu+Wiebe:05a}
}

@INPROCEEDINGS{hu,
  author = {M. Hu and B. Liu},
  title = {Mining and summarizing customer reviews},
  booktitle = {SIGKDD},
  year = {2004},
  pages = {168-177}
}

@inproceedings{wei,
 author = {W. Wei and J. Gulla},
 title = {Sentiment learning on product reviews via sentiment ontology tree},
 booktitle = {ACL (Annual Meeting of the Association for Computational Linguistics)},
 year = {2010},
 pages = {404--413}
} 

@article{pang,
  author    = {B. Pang and
               L. Lee},
  title     = {Opinion Mining and Sentiment Analysis},
  journal   = {Foundations and Trends in Information Retrieval},
  volume    = {2},
  number    = {1-2},
  year      = {2007},
  pages     = {1-135}
}



@inproceedings{nielsen,
  title     = {Nielsen Online Report. Social networks \& blogs now 4th most popular online activity},
  year      = {2009}
}

@inproceedings{lan,
  author    = {Y. Lan and
               T. Liu and
               T. Qin and
               Z. Ma and
               H. Li},
  title     = {Query-level stability and generalization in learning to
               rank},
  booktitle = {ICML},
  year      = {2008},
  pages     = {512-519}
}

@inproceedings{xu08,
  author    = {J. Xu and
               T. Liu and
               M. Lu and
               H. Li and
               W. Ma},
  title     = {Directly optimizing evaluation measures in learning to rank},
  booktitle = {SIGIR},
  year      = {2008},
  pages     = {107-114}
}

@inproceedings{geng08,
  author    = {X. Geng and
               T. Liu and
               T. Qin and
               A. Arnold and
               H. Li and
               H. Shum},
  title     = {Query dependent ranking using K-nearest neighbor},
  booktitle = {SIGIR},
  year      = {2008},
  pages     = {115-122}
}

@inproceedings{yao08,
  author    = {T. Qin and
               T. Liu and
               X. Zhang and
               D. Wang and
               W. Xiong and
               H. Li},
  title     = {Learning to rank relational objects and its application
               to web search},
  booktitle = {WWW},
  year      = {2008},
  pages     = {407-416}
}

@article{tao08b,
  author    = {T. Qin and
               X. Zhang and
               M. Tsai and
               D. Wang and
               T. Liu and
               H. Li},
  title     = {Query-level loss functions for information retrieval},
  journal   = {Inf. Process. Manage.},
  volume    = {44},
  number    = {2},
  year      = {2008},
  pages     = {838-855}
}

@inproceedings{click,
 author = {Z. Dou and R. Song and X. Yuan and J. Wen},
 title = {Are Click-through Data Adequate for Learning Web Search Rankings?},
 booktitle = {CIKM},
 year = {2008},
 pages = {73--82},
 publisher = {ACM}
 }

@article{kemeny,
 author = {J. Kemeny},
 title = {Mathematics without Numbers},
 journal = {Daedalus},
 volume = {88},
 year = {1959},
 pages = {571--591}
 }

@inproceedings{ties,
  author    = {R. Fagin and
               R. Kumar and
               M. Mahdian and
               D. Sivakumar and
               E. Vee},
  title     = {Comparing and Aggregating Rankings with Ties},
  booktitle = {PODS},
  year      = {2004},
  pages     = {47-58}
}

@inproceedings{ilyas,
  author    = {I. Ilyas and
               W. Aref and
               A. Elmagarmid},
  title     = {Joining Ranked Inputs in Practice},
  booktitle = {VLDB},
  year      = {2002},
  pages     = {950-961}
}

@inproceedings{javed6,
 author = {J. Aslam and V. Pavlu and E. Yilmaz},
 title = {Measure-Based Metasearch},
 booktitle = {SIGIR},
 year = {2005},
 pages = {--},
 publisher = {ACM}
 }

@inproceedings{croft,
 author = {W. Croft},
 title = {Combining Approaches to Information Retrieval},
 booktitle = {W. B. Croft, editor, Advances in {IR}: Recent Reseach from the Center for Intelligent {IR}, chapter 1},
 year = {2000},
 publisher = {Kluwer Academic Publishers}
 }

@inproceedings{lee,
 author = {J. Lee},
 title = {Analyses of Multiple Evidence Combination},
 booktitle = {SIGIR},
 year = {1995},
 pages = {267--276},
 publisher = {ACM}
 }

@inproceedings{beitzel,
 author = {S. Beitzel and O. Frieder and E. Jensen and D. Grossman and A. Chowdhury and N. Goharian},
 title = {Disproving the fusion hypothesis: an analysis of data fusion via effective information retrieval strategies},
 booktitle = {SAC},
 year = {2003},
 pages = {823--827},
 publisher = {ACM}
 }

@inproceedings{cccs,
 author = {B. Arunasalam and S. Chawla},
 title = {{CCCS}: a top-down associative classifier for imbalanced class distribution},
 booktitle = {KDD},
 year = {2006},
 pages = {517--522},
 publisher = {ACM}
 }

@article{measures,
 author = {N. Lavrac and P. Flach and B. Zupan},
 title = {Rule Evaluation Measures: A Unifying View},
 journal = {Inductive Logic Prog.},
 volume = {1634},
 year = {1999},
 pages = {174--185},
 publisher = {Springer}
 }

@inproceedings{tan,
 author = {P. Tan and V. Kumar and J. Srivastava},
 title = {Selecting the right interestingness measure for association patterns},
 booktitle = {KDD},
 year = {2002},
 pages = {32--41},
 publisher = {ACM}
 }

@inproceedings{hilderman,
 author = {R. Hilderman and H. Hamilton},
 title = {Evaluation of Interestingness Measures for Ranking Discovered Knowledge},
 booktitle = {PAKDD},
 year = {2001},
 pages = {247--259},
 publisher = {Springer}
 }

@inproceedings{javed4,
 author = {J. Aslam and V. Pavlu and R. Savell},
 title = {A unified model for metasearch, pooling, and system evaluation},
 booktitle = {CIKM},
 year = {2003},
 pages = {484--491},
 publisher = {ACM}
 }

@INPROCEEDINGS{fox,
    author = {J. Shaw and E. Fox},
    title = {Combination of multiple searches},
    booktitle = {TREC},
    year = {1994},
    publisher = {NIST Special Pub.},
    pages = {243--252}
}

@article{linear,
 author = {C. Vogt and G. Cottrell},
 title = {Fusion Via a Linear Combination of Scores},
 journal = {Inf. Retr.},
 volume = {1},
 number = {3},
 year = {1999},
 pages = {151--173},
 publisher = {Kluwer Academic Publishers}
 }

@inproceedings{borda,
 author = {J. Borda},
 title = {Mémoire sur les élections au scrutin. Histoire de
lAcademie Royale des Sciences},
 year = {1781}
}

@inproceedings{javed3,
 author = {J. Aslam and M. Montague},
 title = {Bayes optimal metasearch: a probabilistic model for combining the results of multiple retrieval systems},
 booktitle = {SIGIR},
 year = {2000},
 pages = {379--381},
 publisher = {ACM}
 }

@inproceedings{mark2,
 author = {M. Montague and J. Aslam},
 title = {Metasearch consistency},
 booktitle = {SIGIR},
 year = {2001},
 pages = {386--387},
 publisher = {ACM}
 }

@inproceedings{mark,
 author = {M. Montague and J. Aslam},
 title = {Condorcet fusion for improved retrieval},
 booktitle = {CIKM},
 year = {2002},
 pages = {538--548}
 }

@inproceedings{javed2,
 author = {J. Aslam and V. Pavlu and E. Yilmaz},
 title = {Measure-based metasearch},
 booktitle = {SIGIR},
 year = {2005},
 pages = {571--572},
 publisher = {ACM}
 }

@inproceedings{javed,
 author = {J. Aslam and M. Montague},
 title = {Models for metasearch},
 booktitle = {SIGIR},
 year = {2001},
 pages = {276--284},
 publisher = {ACM}
 }

@inproceedings{liu,
 author = {Y. Liu and T. Liu and T. Qin and Z. Ma and H. Li},
 title = {Supervised Rank Aggregation},
 booktitle = {WWW},
 year = {2007},
 pages = {481--489},
 publisher = [ACM}
}

@inproceedings{renda,
 author = {M. Renda and U. Straccia},
 title = {Web metasearch: rank vs. score based rank aggregation methods},
 booktitle = {SAC},
 year = {2003},
 pages = {841--846},
 publisher = {ACM}
 }

@inproceedings{kumar,
 author = {C. Dwork and R. Kumar and M. Naor and D. Sivakumar},
 title = {Rank aggregation methods for the Web},
 booktitle = {WWW},
 year = {2001},
 pages = {613--622},
 publisher = {ACM}
 }

@inproceedings{sigir,
 author = {I. Santana and J. Gomide and A. Veloso and W. Meira {Jr.} and R. Ferreira},
 title = {Effective sentiment stream analysis with self-augmenting training
        and demand-driven projection},
 booktitle = {SIGIR},
 pages = {475--484},
 year = {2011},
 publisher = {ACM}
 }

@INPROCEEDINGS{rules,
	AUTHOR={R. Agrawal and T. Imielinski and A. Swami},
	TITLE={Mining Association Rules between Sets of Items in Large Databases},
	BOOKTITLE = "SIGMOD",
	YEAR={1993},
	PAGES={207--216},
	PUBLISHER={ACM}	}

@inproceedings{zaki,
    author = "M. Zaki and S. Parthasarathy and M. Ogihara and W. Li",
    title = "New Algorithms for Fast Discovery of Association Rules",
    booktitle = "KDD",
    pages = "283--296",
    year = "1997"
}

@inproceedings{cba,
    author = "B. Liu and W. Hsu and Y. Ma",
    title = "Integrating Classification and Association Rule Mining",
    booktitle = "KDD",
    pages = "80-86",
    year = "1998",
 publisher = {ACM}
}

@article{fp,
 author = {J. Han and J. Pei and Y. Yin and R. Mao},
 title = {Mining Frequent Patterns without Candidate Generation: A Frequent-Pattern Tree Approach},
 journal = {Data Mining Knowledge Discovery},
 volume = {8},
 number = {1},
 year = {2004},
 issn = {1384-5810},
 pages = {53--87},
 publisher = {Kluwer Academic Publishers}
 }

@inproceedings{letor,
	author = {Y. Liu  and J. Xu and T. Qin and W. Xiong and H. Li},
	booktitle = {L2R SIGIR Workshop},
	title = {{LETOR}: Benchmark Dataset for Research on Learning to Rank for Information Retrieval},
	year = {2007}
}

@inproceedings{mr,
 author = {I. Matveeva and C. Burges and T. Burkard and A. Laucius and L. Wong},
 title = {High accuracy retrieval with multiple nested ranker},
 booktitle = {SIGIR},
 year = {2006},
 pages = {437--444},
 publisher = {ACM}
}

@inproceedings{fayyad,
 author = {U. Fayyad and K. Irani},
 title = {Multi Interval Discretization of Continuous-valued Attributes for Classification Learning},
 booktitle = {IJCAI},
 year = {1993},
 pages = {1022--1027},
 publisher = {Morgan Kaufmann}
}

@inproceedings{gao05a,
 author = {J. Gao and H. Qi and X. Xia and J. Nie},
 title = {Linear discriminant model for {IR}},
 booktitle = {SIGIR},
 year = {2005},
 pages = {290--297},
 publisher = {ACM}
 }

@inproceedings{yue07a,
 author = {Y. Yue and T. Finley and F. Radlinski and T. Joachims},
 title = {A support vector method for optimizing average precision},
 booktitle = {SIGIR},
 year = {2007},
 pages = {271--278},
 publisher = {ACM}
 }

@inproceedings{almeida07a,
  author = {H. Almeida and M. Gon\c{c}alves and M. Cristo and P. Calado},
 title = {A Combined Component Approach for Finding Collection-Adapted Ranking Functions based on Genetic Programming},
 booktitle = {SIGIR},
 year = {2007},
 pages = {399-406},
 publisher={ACM}
}

@inproceedings{ singhal96a,
    author = {A. Singhal and C. Buckley and M. Mitra},
    title = {Pivoted document length normalization},
    booktitle = {SIGIR},
    year = {1996},
    pages = {21--29},
 publisher={ACM}
}

@inproceedings{ robertson95a,
    author = {S. Robertson and S. Walker and S. Jones and M. Hancock-Beaulieu and M. Gatford},
    title = {Okapi at {TREC-3}},
    booktitle = {TREC-3},
    year = {1995},
    publisher = {NIST Special Publication 500-226},
    pages			= {109--126}
}

@article{trotman05a,
    author = {A. Trotman},
    title = {Learning to Rank},
    journal = {Information Retrieval},
    volume = {8},
    number = {3},
    year = {2005},
    issn = {1386-4564},
    pages = {359--381},
    publisher = {Kluwer Academic Publishers}
}

@inproceedings{fan00a,
    author = {W. Fan and M. Gordon and P. Pathak},
    title = {Personalization of Search Engine Services for Effective Retrieval and Knowledge Management},
    booktitle = {ICIS},
    pages = {20--34},
    year = {2000}
}

@article{fan04a,
    author = {W. Fan and M. Gordon and P. Pathak},
    title = {A generic ranking function discovery framework by genetic programming for information retrieval},
    journal = {Information Processing and Management},
    volume = {40},
    number = {4}, 
    year = {2004},
    pages = {587--602}
}

@article{fan04b,
  	author={W. Fan and M. Gordon and P. Pathak},
	  title={Discovery of context-specific ranking functions for effective {IR} using genetic programming},
	  journal={TKDE},
    volume={16},
    number={4},
    pages={523--527},
	  year={2004}
}

@article{fan05a,
	  author={W. Fan and M. Gordon and P. Pathak},
	  title={Genetic Programming-Based Discovery of Ranking Functions for Effective Web Search},
    journal = {J. of Management Information Systems},
    volume = {21},
    number = {4}, 
    year = {2005},
    pages = {37--56}
}

@inproceedings{joachims02a, 
    author = {T. Joachims}, 
    title = {Optimizing search engines using clickthrough data}, 
    booktitle = {KDD}, 
    year = {2002}, 
   pages = {133--142}, 
   publisher = {ACM}
} 

@inbook{herbrich00a,
    author = {R. Herbrich and T. Graepel and K. Obermayer},
    title = {Large margin rank boundaries for ordinal regression},
    booktitle = {Advances in Large Margin Classifiers},
    year = {2000}
}

@article{freund03a,
 author = {Y. Freund and R. Iyer and R. Schapire and Y. Singer},
 title = {An efficient boosting algorithm for combining preferences},
 journal = {JMLR},
 volume = {4},
 year = {2003},
 issn = {1533-7928},
 pages = {933--969},
 publisher = {MIT Press}
 }

@inproceedings{xu07a, 
   author = {J. Xu and H. Li}, 
   title = {AdaRank: a boosting algorithm for {IR}}, 
   booktitle = {SIGIR},
   year = {2007}, 
   pages = {391--398}, 
   publisher = {ACM}
}  

@inproceedings{qin07a,
 author = {T. Qin and X. Zhang and D. Wang and T. Liu and W. Lai and H. Li},
 title = {Ranking with multiple hyperplanes},
 booktitle = {SIGIR},
 year = {2007},
 pages = {279--286},
 publisher = {ACM}
 }

@inproceedings{burges05a,
 author = {C. Burges and T. Shaked and E. Renshaw and A. Lazier and M. Deeds and N. Hamilton and G. Hullender},
 title = {Learning to rank using gradient descent},
 booktitle = {ICML},
 year = {2005},
 pages = {89--96},
 publisher = {ACM}
 }

@inproceedings{cao07a,
author = {Z. Cao and T. Qin and T. Liu and M. Tsai and H. Li},
title = {Learning to rank: from pairwise approach to listwise approach}, 
booktitle = {ICML},
year = {2007}, 
pages = {129--136}, 
publisher = {ACM} 
 }

@inproceedings{tsai07a,
author = {M. Tsai and T. Liu and T. Qin and H. Chen and W. Ma},
title = {{FR}ank: a ranking method with fidelity loss},
booktitle = {SIGIR},
year = {2007},
pages = {383--390},
publisher = {ACM}
} 

@inproceedings{brinker04a,
 author = {K. Brinker},
 title = {Active learning of label ranking functions},
 booktitle = {ICML},
 year = {2004},
 pages = {17},
 publisher = {ACM}
 }

@inproceedings{cao06a,
 author = {Y. Cao and J. Xu and T. Liu and H. Li and Y. Huang and H. Hon},
 title = {Adapting ranking {SVM} to document retrieval},
 booktitle = {SIGIR},
 year = {2006},
 pages = {186--193},
 publisher = {ACM}
 }

@inproceedings{crammer02a,
 author = {K. Crammer and Y. Singer},
 title = {A new family of online algorithms for category ranking},
 booktitle = {SIGIR},
 year = {2002},
 pages = {151--158},
 publisher = {ACM}
 }

@inproceedings{harrington03a,
  author    = {E. Harrington},
  title     = {Online Ranking/Collaborative Filtering Using the Perceptron
               Algorithm},
  booktitle = {ICML},
  year      = {2003},
  pages     = {250--257},
  publisher = {AAAI}
}

@inproceedings{nallapati04a,
 author = {R. Nallapati},
 title = {Discriminative models for information retrieval},
 booktitle = {SIGIR},
 year = {2004},
 pages = {64--71},
 publisher = {ACM}
 }

@BOOK{mitchell97a,
  author = 	 {T. Mitchell},
  title = 	 {Machine Learning},
  publisher = 	 {McGraw Hill},
  year = 	 {1997}
}

@BOOK{ koza92a,
 	AUTHOR = {J. Koza},
	TITLE = {Genetic Programming: On the programming of computers by natural selection},
	PUBLISHER = {MIT Press},
	YEAR = {1992}
}

@BOOK{baeza99modern,
  author = 	 {R. Baeza-Yates and B. R-Neto},
  title = 	 {Modern Information Retrieval},
  year = 	 1999,
  publisher = {Addison-Wesley-Longman}
}

@book{ witten99managing,
    author = {I. Witten and A. Moffat and T. Bell},
    title = {Managing Gigabytes: Compressing and Indexing Documents and Images},
    publisher = {Morgan Kaufmann Publishers},
    isbn = {1-55860-570-3},
    year = {1999}
}

@article{maron,
 author = {M. Maron and J. Kuhns},
 title = {On Relevance, Probabilistic Indexing and Information Retrieval},
 journal = {J. of the ACM},
 volume = {7},
 number = {3},
 year = {1960},
 pages = {216--244},
 publisher = {ACM}
 }

@inproceedings{rob,
 author = {S. Robertson and S. Walker},
 title = {Some simple effective approximations to the 2-Poisson model for probabilistic weighted retrieval},
 booktitle = {SIGIR},
 year = {1994},
 pages = {232--241},
 publisher = {Springer-Verlag}
 }

@ARTICLE{ salton67,
	author = {G. Salton and M. Lesk},
	title = {Computer evaluation of indexing and text processing},
	journal = {J. of the ACM},
	year = {1967},
	volume = {15},
	number = {1},
	pages = {8--36}
}

@BOOK{ salton71,
  author = 	 {G. Salton},
  title = 	 {The SMART retrieval system - Experiments in automatic document processing},
  publisher = 	 {Prentice Hall Inc.},
  year = 	 {1971}

}

@article{ salton88,
    author = {G. Salton and C. Buckley},
    title = {Term-weighting approaches in automatic text retrieval},
    journal = {Information Processing and Management},
    volume = {24},
    number = {5},
    year = {1988},
    issn = {0306-4573},
    pages = {513--523},
    publisher = {Pergamon Press, Inc.}
 }

@article{ zobel98a,
    author = {J. Zobel and A. Moffat},
    title = {Exploring the similarity space},
    journal = {SIGIR Forum},
    volume = {32},
    number = {1},
    year = {1998},
    pages = {453--490}
}

@inproceedings{robertson99okapi,
    author    = {S. Robertson and
               S. Walker},
    title     = {Okapi/Keenbow at {TREC-8}},
    year      = {1999},
    booktitle = {Proc. of the TREC-8},
    publisher = {NIST Special Publication 500-246},
    pages			= {151--162}
}

@inproceedings{chowdhury02revisited,
  author    = {A. Chowdhury and
               M. McCabe and
               D. Grossman and
               O. Frieder},
  title     = {Document normalization revisited},
  booktitle = {SIGIR},
  year      = {2002},
  pages     = {381-382}
}

@techreport{singhallength,
    author = {A. Singhal and G. Salton and C. Buckley},
    title = {Length Normalization in Degraded Text Collections},
    number = {TR95-1507},
    pages = {18}
}

@inproceedings{allan99inquery,
  author    = {J. Allan and
               J. Callan and
               F. Feng and
               D. Malin},
  title     = {{INQUERY} and {TREC-8}},
  year      = {1999},
  booktitle = {Proc. of the TREC-8},
  publisher = {NIST Special Publication 500-246},
  pages			= {637--644}
}

@inproceedings{callan92inquery,
    author = {J. Callan and W. Croft and S. Harding},
    title = {The {INQUERY} Retrieval System},
    booktitle = {DEXA},
    pages = {78--83},
    year = {1992}
}

@inproceedings{buckley95smart,
  author    = {C. Buckley and
               A. Singhal and
               M. Mitra},
  title     = {New Retrieval Approaches Using SMART: {TREC 4}},
  booktitle = {TREC-4},
  year      = {1996},
  publisher = {NIST Special Publication 500-236},
  pages			= {25--48}
}

@ARTICLE{robertson76,
	author = {S. Robertson and K. Jones},
	title = {Relevance weighting of search terms},
	journal = {J. of the American Society for Information Science},
	year = {1976},
	volume = {27},
	number = {3},
	pages = {129--146}
}

@inproceedings{bartell,
    author = {B. Bartell and G. Cottrell and R. Belew},
    title = {Automatic Combination of Multiple Ranked Retrieval Systems},
    booktitle = {SIGIR},
    pages = {173--181},
    year = {1994},
    publisher={ACM}
}

@article{jarvelin02a,
 author = {K. J\"{a}rvelin and J. Kek\"{a}l\"{a}inen},
 title = {Cumulated gain-based evaluation of IR techniques},
 journal = {ACM Trans. Information Systems},
 volume = {20},
 number = {4},
 year = {2002},
 issn = {1046-8188},
 pages = {422--446},
 publisher = {ACM}
 }

@inproceedings{maloof03Incremental,
    author = {Marcus A. Maloof},
    title = {Incremental Rule Learning with Partial Instance Memory for Changing Concepts},
    booktitle = {IJCNN},
    year = {2003},
    pages = {2764--2769},
    publisher = {IEEE}
}

@inproceedings{ramage,
  author={Daniel Ramage and Susan Dumais and Dan Liebling},
  title={Characterizing Microblogs with Topic Models},
  booktitle={ICWSM},
  year={2010},
  url={http://www.stanford.edu/~dramage/papers/twitter-icwsm10.pdf},
}
