@article{ecommerce,
  author    = {Z. Zhang},
  title     = {Weighing Stars: Aggregating Online Product Reviews for Intelligent
               E-commerce Applications},
  journal   = {IEEE Intelligent Systems},
  volume    = {23},
  number    = {5},
  year      = {2008},
  pages     = {42-49}
}

@inproceedings{noah2,
  author    = {T. Yano and
               D. Yogatama and
               N. Smith},
  title     = {A Penny for Your Tweets: Campaign Contributions and Capitol
               Hill Microblogs},
  booktitle = {ICWSM},
  year      = {2013}
}

@inproceedings{noah1,
  author    = {B. O'Connor and
               R. Balasubramanyan and
               B. Routledge and
               N. Smith},
  title     = {From Tweets to Polls: Linking Text Sentiment to Public Opinion
               Time Series},
  booktitle = {ICWSM},
  year      = {2010}
}

@article{Bifet2009c,
 author = {A. Bifet},
 title = {Adaptive learning and mining for data streams and frequent patterns},
 journal = {SIGKDD Explor. Newsl.},
 issue_date = {June 2009},
 volume = {11},
 number = {1},
 year = {2009},
 pages = {55--56},
} 

@inproceedings{Aggarwal2006,
 author = {C. Aggarwal},
 title = {On biased reservoir sampling in the presence of stream evolution},
 booktitle = {VLDB},
 year = {2006},
 pages = {607--618}
}

@article{Pang:2008:OMS:1454711.1454712,
 author = {B. Pang and L. Lee},
 title = {Opinion Mining and Sentiment Analysis},
 journal = {Foundations and Trends in Information Retrieval},
 volume = {2},
 number = {1--2},
 year = {2008},
 pages = {1--135},
}

@inproceedings{AlKateb2007,
 author = {M. Al-Kateb and B. Byung and S. Wang},
 title = {Adaptive-Size Reservoir Sampling over Data Streams},
 booktitle = {SSDBM},
 year = {2007},
 pages = {22--}
}

@inproceedings{Gama:2003:ADT:956750.956813,
 author = {J. Gama and R. Rocha and P. Medas},
 title = {Accurate decision trees for mining high-speed data streams},
 booktitle = {SIGKDD},
 year = {2003},
 pages = {523--528},
 numpages = {6},
}

@inproceedings{Domingos:2000:MHD:347090.347107,
 author = {P. Domingos and G. Hulten},
 title = {Mining high-speed data streams},
 booktitle = {SIGKDD},
 year = {2000},
 pages = {71--80},
 numpages = {10},
} 

@inproceedings{Gehrke:1999:BDT:304182.304197,
 author = {J. Gehrke and V. Ganti and R. Ramakrishnan and W. Loh},
 title = {BOAT-optimistic decision tree construction},
 booktitle = {SIGMOD},
 year = {1999},
 pages = {169--180},
 numpages = {12},
}

@inproceedings{Fan:2004:SCE:1316689.1316808,
 author = {W. Fan},
 title = {StreamMiner: a classifier ensemble-based engine to mine concept-drifting data streams},
 booktitle = {VLDB},
 year = {2004},
 pages = {1257--1260},
 numpages = {4}
} 

@inproceedings{Wang:2003:MCD:956750.956778,
 author = {H. Wang and W. Fan and P. Yu and J. Han},
 title = {Mining concept-drifting data streams using ensemble classifiers},
 booktitle = {SIGKDD},
 year = {2003},
 pages = {226--235},
 numpages = {10},
} 

@article{Bifet:2012:ERH:2089094.2089106,
 author = {A. Bifet and E. Frank and G. Holmes and B. Pfahringer},
 title = {Ensembles of Restricted Hoeffding Trees},
 journal = {TIST},
 volume = {3},
 number = {2},
 year = {2012},
 pages = {30:1--30:20},
}

@INPROCEEDINGS{Gama2009a,
  author = {J. Gama and R. Sebasti\~{a}o and P. Rodrigues},
  title = {{Issues in evaluation of stream learning algorithms}},
  booktitle = {SIGKDD},
  year = {2009},
  pages = {329},
}

@article{Kolter:2007:DWM:1314498.1390333,
 author = {J. Kolter and M. Maloof},
 title = {Dynamic Weighted Majority: An Ensemble Method for Drifting Concepts},
 journal = {JMLR},
 volume = {8},
 year = {2007},
 pages = {2755--2790},
}

@article{Zliobaite:2011:CST:2010989.2010997,
 author = {I. \v{Z}liobait\.{e}},
 title = {Combining similarity in time and space for training set formation under concept drift},
 journal = {Intelligent Data Analysis},
 volume = {15},
 number = {4},
 year = {2011},
 pages = {589--611}
} 

@inproceedings{Street:2001:SEA:502512.502568,
 author = {N. Street and Y. Kim},
 title = {A streaming ensemble algorithm (SEA) for large-scale classification},
 booktitle = {SIGKDD},
 year = {2001},
 pages = {377--382},
} 

@inproceedings{Bifet2007,
  author    = {A. Bifet and R. Gavald{\`a}},
  title     = {Learning from Time-Changing Data with Adaptive Windowing},
  booktitle = {SDM},
  year      = {2007},
}

@inproceedings{Bifet:2010:FPD:2144032.2144069,
 author = {A. Bifet and G. Holmes and B. Pfahringer and E. Frank},
 title = {Fast perceptron decision tree learning from evolving data streams},
 booktitle = {PAKDD},
 year = {2010},
 pages = {299--310}
} 


@inproceedings{Bifet2009b,
 author = {A. Bifet and G. Holmes and B. Pfahringer and R. Kirkby and R. Gavald\`{a}},
 title = {New ensemble methods for evolving data streams},
 booktitle = {SIGKDD},
 year = {2009},
 pages = {139--148}
}

@article{Zliobaite:2012:NCA:2408736.2408746,
 author = {I. \v{Z}liobait\.{e} and A. Bifet and M. Gaber and B. Gabrys and J. Gama and L. Minku and K. Musial},
 title = {Next challenges for adaptive learning systems},
 journal = {SIGKDD Explor. Newsl.},
 volume = {14},
 number = {1},
 year = {2012},
 pages = {48--55},
} 

@inproceedings{Bifet:2009:ALE:1617420.1617445,
 author = {A. Bifet and R. Gavald\`{a}},
 title = {Adaptive Learning from Evolving Data Streams},
 booktitle = {IDA},
 year = {2009},
 pages = {249--260}
} 

@article{DBLP:journals/corr/abs-1010-4784,
  author    = {I. \v{Z}liobait\.{e}},
  title     = {Learning under Concept Drift: an Overview},
  journal   = {CoRR},
  volume    = {abs/1010.4784},
  year      = {2010},
}


@inproceedings{Bifet2010a,
 author = {A. Bifet},
 title = {Adaptive Stream Mining: Pattern Learning and Mining from Evolving Data Streams},
 booktitle = {Proceedings of the 2010 conference on Adaptive Stream Mining: Pattern Learning and Mining from Evolving Data Streams},
 year = {2010},
 pages = {1--212},
} 



@article{Nunez:2007:LEU:1314498.1390328,
 author = {M. N\'{u}\~{n}ez and R. Fidalgo and R. Morales},
 title = {Learning in Environments with Unknown Dynamics: Towards more Robust Concept Learners},
 journal = {JMLR},
 volume = {8},
 year = {2007}
}

@inproceedings{Li:2008:NGF:1493610.1493653,
 author = {Y. Li and Y. Wei and A. Kolesnikova and W. Lee},
 title = {A New Gradual Forgetting Approach for Mining Data Stream with Concept Drift},
 booktitle = {ISISE},
 year = {2008},
 pages = {556--559},
}

@INPROCEEDINGS{Koychev00gradualforgetting,
    author = {I. Koychev},
    title = {Gradual Forgetting for Adaptation to Concept Drift},
    booktitle = {ECAI},
    year = {2000},
    pages = {101--106}
}

@article{Klinkenberg:2004:LDC:1293831.1293836,
 author = {R. Klinkenberg},
 title = {Learning drifting concepts: Example selection vs. example weighting},
 journal = {Intell. Data Anal.},
 volume = {8},
 number = {3},
 year = {2004}
}

@inproceedings{Torres:2011:CMD:2025756.2025758,
 author = {D. Torres and J. Ruiz and Y. Sarabia},
 title = {Classification model for data streams based on similarity},
 booktitle = {IEA},
 year = {2011},
 pages = {1--9},
} 

@article{Feng2013,
  author  = {L. Feng and F. Chen and Y. Yao},
  title   = {A Concept Similarity Based Data Stream Classification Model},
  journal = {Journal of Information \& Computational Science},
  year    = {2013},
  volume  = {10},
  number  = {4},
  pages   = {949--957}
}

@ARTICLE{5440901, 
author={X. Zhu and P. Zhang and X. Lin and Y. Shi}, 
journal={IEEE Transactions on Systems, Man, and Cybernetics, Part B: Cybernetics}, 
title={Active Learning From Stream Data Using Optimal Weight Classifier Ensemble}, 
year={2010}, 
volume={40}, 
number={6}, 
pages={1607--1621}
}

@inproceedings{Masud:2008:PAC:1510528.1511337,
 author = {M. Masud and J. Gao and L. Khan and J. Han and B. Thuraisingham},
 title = {A Practical Approach to Classify Evolving Data Streams: Training with Limited Amount of Labeled Data},
 booktitle = {ICDM},
 year = {2008},
 pages = {929--934},
} 

@article{6414645, 
author={I. \v{Z}liobait\.{e} and A. Bifet and B. Pfahringer and G. Holmes}, 
journal={IEEE Trans. on Neural Networks and Learning Systems}, 
title={Active Learning With Drifting Streaming Data}, 
year={2013}, 
volume={PP}, 
number={99}, 
pages={1--1}, 
}

@incollection{Indre2011k,
author={I. \v{Z}liobait\.{e} and A. Bifet and B. Pfahringer and G. Holmes},
year={2011},
booktitle={Machine Learning and Knowledge Discovery in Databases},
volume={6913},
title={Active Learning with Evolving Streaming Data},
pages={597--612}
}

@article{DBLP:journals/jmlr/ZliobaiteBHP11,
  author    = {I. \v{Z}liobait\.{e} and
               A. Bifet and
               G. Holmes and
               B. Pfahringer},
  title     = {{MOA} Concept Drift Active Learning Strategies for Streaming
               Data},
  journal   = {JMLR},
  volume    = {17},
  year      = {2011},
  pages     = {48--55},
}

@inproceedings{lac,
 author = {A. Veloso and W. Meira Jr. and M. Zaki},
 title = {Lazy Associative Classification},
 booktitle = {ICDM},
 year = {2006},
 pages = {645--654}
} 

@article{Srivastava:2010:ERT:1920841.1920843,
 author = {D. Srivastava and L. Golab and R. Greer and T. Johnson and J. Seidel and V. Shkapenyuk and O. Spatscheck and J. Yates},
 title = {Enabling real time data analysis},
 journal = {Proc. VLDB Endow.},
 volume = {3},
 number = {1-2},
 year = {2010},
 pages = {1--2},
 publisher = {VLDB Endowment}
} 

@article{zhang:2010,
year={2010},
journal={The VLDB Journal},
volume={19},
number={4},
title={Streaming multiple aggregations using phantoms},
publisher={Springer-Verlag},
keywords={Data stream; Aggregation; Multiple-query optimization; Phantom; GS},
author={R. Zhang and N. Koudas and B. Ooi and D. Srivastava and P. Zhou},
pages={557-583}
}

@article{Li:2012:CFH:2367502.2367559,
 author = {P. Li and C. Tziviskou and H. Wang and X. Luna Dong and X. Liu and A. Maurino and D. Srivastava},
 title = {Chronos: facilitating history discovery by linking temporal records},
 journal = {Proc. VLDB Endow.},
 volume = {5},
 number = {12},
 year = {2012},
 pages = {2006--2009},
 publisher = {VLDB Endowment}
} 

@inproceedings{Aggarwal:2003:FCE:1315451.1315460,
 author = {Aggarwal, Charu C. and Han, Jiawei and Wang, Jianyong and Yu, Philip S.},
 title = {A framework for clustering evolving data streams},
 booktitle = {Proceedings of the 29th international conference on Very large data bases - Volume 29},
 series = {VLDB '03},
 year = {2003},
 isbn = {0-12-722442-4},
 location = {Berlin, Germany},
 pages = {81--92},
 numpages = {12},
 url = {http://dl.acm.org/citation.cfm?id=1315451.1315460},
 acmid = {1315460},
 publisher = {VLDB Endowment},
} 

@INPROCEEDINGS{Cormode:4812398, 
author={Cormode, G. and Shkapenyuk, V. and Srivastava, D. and Bojian Xu}, 
booktitle={ICDE}, 
title={Forward Decay: A Practical Time Decay Model for Streaming Systems}, 
year={2009}, 
pages={138-149}
}

@article{Yang:2011:SMD:2078324.2078328,
 author = {Yang, Di and Rundensteiner, Elke A. and Ward, Matthew O.},
 title = {Summarization and matching of density-based clusters in streaming environments},
 journal = {Proc. VLDB Endow.},
 issue_date = {October 2011},
 volume = {5},
 number = {2},
 month = oct,
 year = {2011},
 issn = {2150-8097},
 pages = {121--132},
 numpages = {12},
 url = {http://dl.acm.org/citation.cfm?id=2078324.2078328},
 acmid = {2078328},
 publisher = {VLDB Endowment},
} 

@inproceedings{Fan:2004:SCE:1316689.1316808,
 author = {Fan, Wei},
 title = {StreamMiner: a classifier ensemble-based engine to mine concept-drifting data streams},
 booktitle = {Proceedings of the Thirtieth international conference on Very large data bases - Volume 30},
 series = {VLDB '04},
 year = {2004},
 isbn = {0-12-088469-0},
 location = {Toronto, Canada},
 pages = {1257--1260},
 numpages = {4},
 url = {http://dl.acm.org/citation.cfm?id=1316689.1316808},
 acmid = {1316808},
 publisher = {VLDB Endowment},
} 
